@book{simon,
	author={Steven H. Simon},
	title={The Oxford Solid State Basics},
	year={2013},
	publisher={Oxford University Press}
}

@book{griffiths,
	author={David J. Griffith},
	title={Introduction to Quantum Mechanics},
	year={2016},
	publisher={Cambridge University Press}
}

@book{riley,
	author={K. F. Riley and M. P. Hobson},
	title={Essential Mathematical Methods for the Physical Sciences},
	year={2011},
	publisher={Cambridge University Press}
}